@conference{securitybugs2003,
  author = {E. Rescorla},
  title = {{Security Holes...Who Cares?}},
  year = 2003,
  month = {August},
  booktitle = {Proceedings of the $12^{th}$ USENIX Security
  Symposium},
  pages = {75--90}
}

@ARTICLE{chander-07,
  author = {A. Chander, D. Espinosa, N. Islan, P. Lee, and G. C. Necula},
  title = {Enforcing Resource Bounds via Static Verification of Dynamic Checks},
  journal = {ACM Trans. Program. Lang. Syst.},
  year = {2007},
  volume = {29},
  number = {5},
  owner = {posulliv},
  timestamp = {2009.02.21}
}

@article{binary-defense,
  title={{A Binary Rewriting Defense against Stack based Buffer Overflow Attacks}},
  author={Chiueh, M.P.T.},
  publisher={Citeseer}
}

@conference{rad01,
  title={{RAD: A compile-time solution to buffer overflow attacks}},
  author={Chiueh, T. and Hsu, F.H.},
  booktitle={International Conference on Distributed Computing Systems},
  volume={21},
  pages={409--420},
  year={2001},
  organization={IEEE Computer Society; 1999}
}


@ARTICLE{bishop-96,
  author = {M. Bishop and M. Dilger},
  title = {Checking for Race Conditions in File Accesses},
  journal = {Computing Systems},
  year = {1996},
  volume = {9},
  pages = {131-152},
  owner = {posulliv},
  timestamp = {2009.02.21}
}

@INPROCEEDINGS{stackguard-98,
  author = {C. Cowan C. Pu D. Maier J. Walpole P. Bakke S. Beattie A. Grier
	P. Wagle Q. Zhang and H. Hinton},
  title = {StackGuard: Automatic Adaptive Detection and Prevention of Buffer-Overflow
	Attacks},
  booktitle = {Proc. 7th USENIX Security Symposium},
  year = {1998},
  pages = {63-78},
  organization = {USENIX Association},
  owner = {posulliv},
  timestamp = {2009.02.21}
}

@ARTICLE{erlingsson-07,
  author = {U. Erlingsson},
  title = {Low-level software security: Attacks and Defenses},
  journal = {Foundations of Security Analysis and Design IV},
  year = {2007},
  volume = {4677},
  pages = {92-134},
  owner = {posulliv},
  timestamp = {2009.02.18}
}

@PHDTHESIS{ulfar-04,
  author = {Ulfar Erlingsson},
  title = {The inlined reference monitor approach to security policy enforcement},
  school = {Cornell University},
  year = {2004},
  owner = {posulliv},
  timestamp = {2009.02.17}
}

@CONFERENCE{irm-00,
  author = {Ulfar Erlingsson and F. B. Schneider},
  title = {IRM Enforcement of Java Stack Inspection},
  booktitle = {IEEE Symposium on Security and Privacy},
  year = {2000},
  pages = {246-255},
  organization = {IEEE Computer Society},
  owner = {posulliv},
  timestamp = {2009.02.17}
}

@INPROCEEDINGS{sasi-99,
  author = {Ulfar Erlingsson and F. B. Schneider},
  title = {SASI enforcement of security policies: a retrospective},
  booktitle = {NSPW '99: Proceedings of the 1999 workshop on New security paradigms},
  year = {1999},
  pages = {87-95},
  organization = {ACM},
  owner = {posulliv},
  timestamp = {2009.02.17}
}

@article{isr-08,
  author = {Stephen W. Boyd, Gaurav S. Kc, Michael E. Locasto,
           Angelos D. Keromytis and Vassilis Prevelakis},
  title = {On The General Applicability of Instruction-Set Randomization},
  journal ={IEEE Transactions on Dependable and Secure Computing},
  volume = {99},
  number = {PrePrints},
  issn = {1545-5971},
  year = {2008},
  doi = {http://doi.ieeecomputersociety.org/10.1109/TDSC.2008.58},
  publisher = {IEEE Computer Society},
  address = {Los Alamitos, CA, USA}
}


@ARTICLE{systemf-99,
  author = {G. Morrisett, D. Walker, K. Crary, and N. Glew},
  title = {From System F to Typed Assembly Language},
  journal = {ACM Trans. Program. Lang. Syst.},
  year = {1999},
  volume = {21},
  pages = {527-568},
  number = {3},
  owner = {posulliv},
  timestamp = {2009.02.21}
}

@INPROCEEDINGS{garfinkel-03,
  author = {T. Garfinkel},
  title = {Traps and Pitfalls: Practical Problems in System Call Interposition
	Based Security Tools},
  booktitle = {Proc. of the Network and Distributed Systems Security Symposium},
  year = {2003},
  owner = {posulliv},
  timestamp = {2009.02.21}
}

@PHDTHESIS{hamlen-06,
  author = {K. W. Hamlen},
  title = {Security Policy Enforcement by Automated Program-Rewriting},
  school = {Cornell University},
  year = {2006},
  month = {August},
  owner = {posulliv},
  timestamp = {2009.02.17}
}

@INPROCEEDINGS{ham-06,
  author = {K. W. Hamlen, G. Morrisett, and F. B. Schneider},
  title = {Certified in-lined reference monitoring on .NET},
  booktitle = {PLAS '06: Proceedings of the 2006 workshop on Programming languages
	and analysis for security},
  year = {2006},
  pages = {7-16},
  organization = {ACM},
  owner = {posulliv},
  timestamp = {2009.02.17}
}

@ARTICLE{leroy-06,
  author = {X. Leroy},
  title = {Formal Certification of a Compiler Back-End or: Programming a Compiler
	with a Proof Assistant},
  journal = {SIGPLAN Not.},
  year = {2006},
  volume = {41},
  pages = {42-54},
  number = {1},
  owner = {posulliv},
  timestamp = {2009.02.21}
}

@INPROCEEDINGS{linn-03,
  author = {C. Linn and S. Debray},
  title = {Obfuscation of Executable Code to Improve Resistance to Static Disassembly},
  booktitle = {CCS '03: Proceedings of the 10th ACM Conference on Computer and Communications
	Security},
  year = {2003},
  pages = {290-299},
  organization = {ACM},
  owner = {posulliv},
  timestamp = {2009.02.21}
}

@INPROCEEDINGS{cfi-05,
  author = {M. Abadi M. Budiu U. Erlingsson and J. Jigatti},
  title = {Control-flow integrity},
  booktitle = {CCS '05: Proceedings of the 12th ACM conference on Computer and communications
	security},
  year = {2005},
  pages = {340-353},
  organization = {ACM},
  owner = {posulliv},
  timestamp = {2009.02.17}
}

@INPROCEEDINGS{raja-05,
  author = {M. Rajagopalan, M. A. Hiltunen, T. Jim, and R. D. Schlichting},
  title = {Authenticated System Calls},
  booktitle = {DSN '05: Proceedings of the 2005 International Conference on Dependable
	Systems and Networks},
  year = {2005},
  pages = {358--367},
  organization = {IEEE Computer Society},
  owner = {posulliv},
  timestamp = {2009.02.21}
}

@TECHREPORT{mccamant-05,
  author = {S. McCamant and G. Morrisett},
  title = {Efficient, verifiable sandboxing for a CISC architecture},
  institution = {MIT Laboratory for Computer Science},
  year = {2005},
  owner = {posulliv},
  timestamp = {2009.02.17}
}

@ARTICLE{pcc02,
  author = {Necula, G. C.},
  title = {Proof-Carrying Code. Design and Implementation.},
  journal = {Proof and System Reliability},
  year = {2002},
  pages = {261--288},
  owner = {posulliv},
  timestamp = {2009.03.29}
}

@INPROCEEDINGS{pcc-97,
  author = {G. C. Necula},
  title = {Proof-carrying code},
  booktitle = {Conference Record of POPL '97: The 24th ACM SIGPLAN-SIGACT Symposium
	on Principles of Programming Languages},
  year = {1997},
  pages = {106-119},
  owner = {posulliv},
  timestamp = {2009.02.18}
}

@conference{pointguard,
  title={{PointGuardTM: Protecting pointers from buffer overflow vulnerabilities}},
  author={Cowan, C. and Beattie, S. and Johansen, J. and Wagle, P.},
  booktitle={Proc. of the 12th Usenix Security Symposium},
  year={2003}
}

@article{propolice,
  title={{propolice: Improved Stack-smashing Attack Detection.}},
  author={ETO, H. and Yoda, K.},
  journal={Transactions},
  volume={43},
  number={12},
  pages={4034--4041},
  year={2002}
}

@INPROCEEDINGS{provos-03,
  author = {N. Provos},
  title = {Improving host security with system call policies},
  booktitle = {SSYM '03: Proceedings of the 12th conference on USENIX Security Symposium},
  year = {2003},
  organization = {USENIX Association},
  owner = {posulliv},
  timestamp = {2009.02.21}
}

@INPROCEEDINGS{mcc-03,
  author = {R. Sekar, V. Venkatakrishnan, S. Basu, S. Bhatkar, and D. DuVarney},
  title = {Model-carrying code: A practical approach for safe execution of untrusted
	applications},
  booktitle = {ACM Symposium on Operating System Principles},
  year = {2003},
  owner = {posulliv},
  timestamp = {2009.02.18}
}

@INPROCEEDINGS{wahbe-93,
  author = {R. Wahbe, S. Lucco, T. E. Anderson, and S. L. Graham},
  title = {Efficient software-based fault isolation},
  booktitle = {SOSP'93: Proceedings of the fourteenth ACM symposium on Operating
	systems principles},
  year = {1993},
  pages = {203-216},
  organization = {ACM},
  owner = {posulliv},
  timestamp = {2009.02.17}
}

@INPROCEEDINGS{strata-02,
  author = {K. Scott and J. Davidson},
  title = {Safe virtual execution using software dynamic translation},
  booktitle = {ACSAC '02: Proceedings of the 18th Annual Computer Security Applications
	Conference},
  year = {2002},
  owner = {posulliv},
  timestamp = {2009.02.18}
}

@INPROCEEDINGS{garfinkel-04,
  author = {T. Garfinkel, B. Pfa, and M. Rosenblum},
  title = {Ostia: A delegating architecture for secure system call interposition},
  booktitle = {Proceedings of the 11th Network and Distributed Systems Security
	Symposium},
  year = {2004},
  owner = {posulliv},
  timestamp = {2009.02.17}
}

@ARTICLE{thompson-84,
  author = {Ken Thompson},
  title = {Reflections on trusting trust},
  journal = {Commun. ACM},
  year = {1984},
  volume = {27},
  pages = {761-763},
  number = {8},
  owner = {posulliv},
  timestamp = {2009.02.17}
}

@INPROCEEDINGS{ulfar-06,
  author = {Ulfar Erlingsson, M. Abadi, M. Vrable, M. Budiu, and G. C. Necula},
  title = {XFI: software guards for system address spaces},
  booktitle = {USENIX'06: Proceedings of the 7th USENIX Symposium on Operating Systems
	Design and Implementation},
  year = {2006},
  organization = {USENIX Association},
  owner = {posulliv},
  timestamp = {2009.02.17}
}

@INPROCEEDINGS{shepherd-02,
  author = {V. Kiriansky, D. Bruening, and S. P. Amarasinghe},
  title = {Secure execution via program shepherding},
  booktitle = {Proceedings of the 11th USENIX Security Symposium},
  year = {2002},
  pages = {191-206},
  organization = {USENIX Association},
  owner = {posulliv},
  timestamp = {2009.02.18}
}

@TECHREPORT{janus-99,
  author = {D. A. Wagner},
  title = {Janus: an approach for confinement of untrusted applications},
  institution = {University of California, Berkeley},
  year = {1999},
  owner = {posulliv},
  timestamp = {2009.02.17}
}

@INPROCEEDINGS{wagner-01,
  author = {D. Wagner and D. Dean},
  title = {Intrusion detection via static analysis},
  booktitle = {Proc of the IEEE Symposium on Security and Privacy},
  year = {2001},
  pages = {156-169},
  owner = {posulliv},
  timestamp = {2009.02.18}
}

@INPROCEEDINGS{zhou-04,
  author = {J. Zhou and G. Vigna},
  title = {Detecting Attacks that Exploit Application-Logic Errors Through Application-Level
	Audting},
  booktitle = {ACSAC '04: Proceedings of the 20th Annual Computer Security Applications
	Conference},
  year = {2004},
  pages = {168-178},
  organization = {IEEE Computer Society},
  owner = {posulliv},
  timestamp = {2009.02.21}
}

cle{Spike1,

 author = {Robert S. Cohn and David W. Goodwin and P. Geoffrey Lowney},

 title = {Optimizing alpha executables on Windows NT with spike},

 journal = {Digital Tech. J.},

 volume = {9},

 number = {4},

 year = {1998},

 issn = {0898-901X},

 pages = {3--20},

 publisher = {Digital Equipment Corp.},

 address = {Acton, MA, USA},

 }



@inproceedings{Spike2,

 author = {Robert Cohn and David Goodwin and P. Geoffrey Lowney and Norman Rubin},

 title = {Spike: an optimizer for alpha/NT executables},

 booktitle = {NT'97: Proceedings of the USENIX Windows NT Workshop on The USENIX Windows NT Workshop 1997},

 year = {1997},

 pages = {17--24},

 location = {Seattle, Washington},

 publisher = {USENIX Association},

 address = {Berkeley, CA, USA},

 }



@inproceedings{Diablo1,

author= {Van Put, Ludo and Dominique Chanet and De Bus, Bruno and De Sutter, Bjorn and De Bosschere, Koen},

title= {DIABLO: a reliable, retargetable and extensible link-time rewriting framework},

booktitle= {Proceedings of the 2005 IEEE International Symposium On Signal Processing And Information Technology},

year= {2005},

month= {December},

pages= {7-12},

publisher= {IEEE},

address= {Athens},

}



@article{Diablo2,

author= {De Sutter, Bjorn and Van Put, Ludo and  Chanet, Dominique and De Bus, Bruno and De Bosschere, Koen},

title= {Link-Time Compaction and Optimization of {ARM} Executables},

journal= {ACM Transactions on Embedded Computing Systems},

year= {2007},

month= {February},

volume= {6},

number= {1},

publisher= {ACM},

address= {New York},

}



@article{om,

    author = "Srivastava, Amitabh and Wall, David W.",

    title = "{OM}: {A} practical system for intermodule code optimization at link-time",

    journal = "Journal of Programming Languages",

    volume = "1",

    number = "1",

    month = "December",

    pages = "1--18",

    year = "1992",

    url = "citeseer.ist.psu.edu/srivastava92practical.html"

}



@inproceedings{atom,

 author = {Alan Eustace and Amitabh Srivastava},

 title = {ATOM: a flexible interface for building high performance program analysis tools},

 booktitle = {TCON'95: Proceedings of the USENIX 1995 Technical Conference Proceedings on USENIX 1995 Technical Conference Proceedings},

 year = {1995},

 pages = {25--25},

 location = {New Orleans, Louisiana},

 publisher = {USENIX Association},

 address = {Berkeley, CA, USA},

 }


@inproceedings{pin,
  author = {C.-K. Luk R. Cohn R. Muth H. Patil A. Klauser G. Lowney S. Wallace V. J. Reddi
  and K. Hazelwood},
  title = {PIN: Building Customized Program Analysis Tools with Dynamic Instrumentation},
  booktitle = {PLDI'05: Proceedings of the 2005 ACM SIGPLAN conference on Programming Language
  design and implementation},
  year = {2005},
  pages = {190--200},
  location = {New York, New York}
}


@inproceedings{bird,
  author = {S. Nanda W. Li L.-C. Lam and T. Chiueh},
  title = {BIRD: Binary Interpretation using Runtime Disassembly},
  booktitle = {CGO'06: Proceedings of the International Symposium on Code Generation and
  Optimization},
  year = {2006},
  pages = {358--370},
  location = {Washington DC, USA},
  publisher = {IEEE Computer Society}
}


@conference{dyninst,
  title={{Dynamic program instrumentation for scalable performance tools}},
  author={Hollingsworth, JK and Miller, BP and Cargille, J.},
  booktitle={Scalable High-Performance Computing Conference, 1994., Proceedings of the},
  pages={841--850},
  year={1994}
}

@phdthesis{drio,
  title={{Efficient, transparent, and comprehensive runtime code manipulation}},
  author={Bruening, D.L.},
  year={2004}
}

@article{valg,
  title={{Valgrind: a framework for heavyweight dynamic binary instrumentation}},
  author={Nethercote, N. and Seward, J.},
  journal={ACM SIGPLAN Notices},
  volume={42},
  number={6},
  pages={100},
  year={2007},
  publisher={ACM}
}


@conference{etch,
  title={{Instrumentation and optimization of Win32/Intel executables using Etch}},
  author={Romer, T. and Voelker, G. and Lee, D. and Wolman, A. and Wong, W. and Levy, H. and Bershad, B. and Chen, B.},
  booktitle={Proceedings of the USENIX Windows NT Workshop on The USENIX Windows NT Workshop 1997},
  pages={1},
  year={1997},
  organization={USENIX Association}
}


@conference{plto,
  title={{Plto: A link-time optimizer for the Intel IA-32 architecture}},
  author={Schwarz, B. and Debray, S. and Andrews, G. and Legendre, M.},
  booktitle={Proc. 2001 Workshop on Binary Translation (WBT-2001)},
  year={2001},
  organization={Citeseer}
}

@article{aslr,
  title={{Documentation for the PaX project}},
  author={Team, P.X.},
  journal={Homepage of The PaX Team},
  year={2003}
}

@conference{aslr32,
  title={{On the effectiveness of address-space randomization}},
  author={Shacham, H. and Page, M. and Pfaff, B. and Goh, E.J. and Modadugu, N. and Boneh, D.},
  booktitle={Proceedings of the 11th ACM conference on Computer and communications security},
  pages={298--307},
  year={2004},
  organization={ACM}
}


@conference{strata,
  title={{Secure and practical defense against code-injection attacks using software dynamic translation}},
  author={Hu, W. and Hiser, J. and Williams, D. and Filipi, A. and Davidson, J.W. and Evans, D. and Knight, J.C. and Nguyen-Tuong, A. and Rowanhill, J.},
  booktitle={Conference on Virtual Execution Environments, Ottawa, Canada},
  year={2006}
}


@article{isr,
  title={{On The General Applicability of Instruction-Set Randomization}},
  author={Boyd, S.W. and Kc, G.S. and Locasto, M.E. and Keromytis, A.D. and Prevelakis, V.},
  journal={IEEE Transactions on Dependable and Secure Computing (TDSC)},
  year={2006},
  publisher={Citeseer}
}

@article{one1996,
  title={{Smashing the stack for fun and profit}},
  author={One, A.},
  journal={Phrack magazine},
  volume={7},
  number={49},
  pages={1996--11},
  year={1996}
}

@article{designer1997return,
  title={{return-to-libc” attack}},
  author={Designer, S.},
  journal={Bugtraq, Aug},
  year={1997}
}


@conference{shacham2007geometry,
  title={{The geometry of innocent flesh on the bone: Return-into-libc without function calls (on the x86)}},
  author={Shacham, H.},
  booktitle={Proceedings of the 14th ACM conference on Computer and communications security},
  pages={561},
  year={2007},
  organization={ACM}
}

@conference{buchanan2008good,
  title={{When good instructions go bad: Generalizing return-oriented programming to RISC}},
  author={Buchanan, E. and Roemer, R. and Shacham, H. and Savage, S.},
  booktitle={Proceedings of the 15th ACM conference on Computer and communications security},
  pages={27--38},
  year={2008},
  organization={ACM}
}

@article{eto2002propolice,
  title={{propolice: Improved Stack-smashing Attack Detection.}},
  author={ETO, H. and Yoda, K.},
  journal={Transactions},
  volume={43},
  number={12},
  pages={4034--4041},
  year={2002}
}

@conference{cowan2000buffer,
  title={{Buffer overflows: Attacks and defenses for the vulnerability of the decade}},
  author={Cowan, C. and Wagle, P. and Pu, C. and Beattie, S. and Walpole, J.},
  booktitle={discex},
  pages={1119},
  year={2000},
  organization={Published by the IEEE Computer Society}
}

@conference{wilander2003,
  title={{A comparison of publicly available tools for dynamic buffer overflow prevention}},
  author={Wilander, J. and Kamkar, M.},
  booktitle={Proceedings of the 10th Network and Distributed System Security Symposium},
  pages={149--162},
  year={2003},
  organization={Citeseer}
}

@misc{matt-patent10,
  author        = {Matthew Smithson and Rajeev Barua},
  howpublished  = {U.S. Patent Pending},
  title         = {Binary Rewriting Without Relocation Information},
  month         = may,
  note          = {12/785,923},
  year          = {2010}
}

@InProceedings(kapil-micro-10-submitted,
    Author="K. Anand and A. Kotha and P. O'Sullivan and M. Smithson and N. Giles and R. Barua",
    Title="{Decompilation to a Compiler High-Level IR in a Binary Rewriter}",
    BookTitle="Submitted to the International Symposium on Microarchitecture",
    Publisher="IEEE Computer Society",
    Month="June",
    Year="2010")

@inproceedings{llvm,
 author = {Chris Lattner and Vikram Adve},
 title = {{LLVM}: A Compilation Framework for Lifelong Program Analysis \& Transformation},
 booktitle = {Proceedings of the International Symposium on Code Generation and Optimization (GCO)},
 year = {2004},
 pages = {75--87},
 }

@techreport{vulcan,
  title={{Vulcan: Binary transformation in a distributed environment}},
  author={Srivastava, A. and Edwards, A. and Vo, H.},
  institution={Technical Report MSR-TR-2001-50, Microsoft Research, 2001}
}

@misc{blind-kapil,
  title = {Suppressed for blind review}
}

@misc{blind-matt,
  title = {Suppressed for blind review}
}

@inproceedings{shepherd,
  title={{Secure execution via program shepherding}},
  author={Kiriansky, V. and Bruening, D. and Amarasinghe, S.},
  year = {2002},
  booktitle = {Proc. 7th USENIX Security Symposium},
}

@misc{ghttpd,
  title={{ghttpd log() Function Buffer Overflow Vulnerability}},
  author = {http://www.securityfocus.com/bid/5960/info}
}

@misc{corehttp,
  title={{CoreHTTP Http.C Buffer Overflow Vulnerability}},
  author = {http://www.securityfocus.com/bid/25120/info}
}

@book{buffer-overflows,
  title={{Buffer overflow attacks: detect, exploit, prevent}},
  author={Foster, J.C.},
  year={2005},
  publisher={Syngress Media Inc}
}

@misc{flash-overflow,
  title={{CVE-2007-0071}},
  author={http://web.nvd.nist.gov/view/vuln/detail?vulnId=CVE-2007-0071}
}

@misc{ms-overflows,
  title={{CVE-2006-4868}},
  author={http://web.nvd.nist.gov/view/vuln/detail?vulnId=CVE-2006-4868}
}

@article{patches,
  title={{Does open source improve system security?}},
  author={Witten, B. and Landwehr, C. and Caloyannides, M. and DARPA, A.},
  journal={IEEE Software},
  volume={18},
  number={5},
  pages={57--61},
  year={2001}
}

@misc{stackshield,
  author={Vecndicator},
  title={Stack Shield technical info file v0.7.},
  url={http://www.angelfire.com/sk/stackshield/},
  year={2001}
}
